<?xml version="1.0" encoding="UTF-8"?><collection xmlns="http://www.loc.gov/MARC21/slim"><record><leader>00538nam--2200181-u-4500</leader><controlfield tag="001">000054666</controlfield><controlfield tag="002">20161230</controlfield><controlfield tag="005">20161230201051</controlfield><controlfield tag="008">120511s1000------------r-----000-0-fre-d</controlfield><datafield ind1=" " ind2=" " tag="040"><subfield code="a">IFIN-HH</subfield></datafield><datafield ind1=" " ind2=" " tag="041"><subfield code="a">fre</subfield></datafield><datafield ind1=" " ind2=" " tag="080"><subfield code="a">539.143.43(043)</subfield></datafield><datafield ind1="1" ind2=" " tag="100"><subfield code="a">Perrin, Bernard</subfield></datafield><datafield ind1="1" ind2="0" tag="245"><subfield code="a">Etude par resonance magnetique nucleaire de composes de metaux de transition et d'alliages supraconducteurs</subfield><subfield code="b">These</subfield><subfield code="c">Bernard parrin</subfield></datafield><datafield ind1=" " ind2=" " tag="260"><subfield code="a">Geneve</subfield><subfield code="b">Universite</subfield><subfield code="c">1978</subfield></datafield><datafield ind1=" " ind2=" " tag="300"><subfield code="a">139P</subfield></datafield><datafield ind1=" " ind2=" " tag="852"><subfield code="a">75741</subfield><subfield code="c">539.143.43</subfield></datafield><datafield ind1=" " ind2=" " tag="CAT"><subfield code="a">Sys</subfield><subfield code="c">20120511</subfield><subfield code="h">192002</subfield></datafield></record></collection>